@ARTICLE{oconnor:13,
   author = {{O'Connor}, E. and {Ott}, C.~D.},
    title = "{The Progenitor Dependence of the Pre-explosion Neutrino Emission in Core-collapse Supernovae}",
  journal = {\apj},
archivePrefix = "arXiv",
   eprint = {1207.1100},
 primaryClass = "astro-ph.HE",
 keywords = {equation of state, hydrodynamics, neutrinos, stars: evolution, stars: neutron, supernovae: general},
     year = 2013,
   volume = 762,
      eid = {126},
    pages = {126},
      doi = {10.1088/0004-637X/762/2/126},
   adsurl = {http://adsabs.harvard.edu/abs/2013ApJ...762..126O},
}

@ARTICLE{Loeb:13,
   author = {{Loeb}, A.},
   title = "{The Habitable Epoch of the Early Universe}",
   journal = {\arx},
   eprint = {1312.0613},
   primaryClass = "astro-ph.HE",
   keywords = {astrophysics, cosmology and extragalactic astrophysics, earth and planetary astrophysics, general relativity and quantum cosmology, high energy physics, phenomenology},
   year = 2013,
}

